@book{SQL,
 author = {Widenius, Michael and Axmark, Davis},
 editor = {DuBois, Paul},
 title = {Mysql Reference Manual},
 year = {2002},
 isbn = {0596002653},
 edition = {1st},
 publisher = {O'Reilly \& Associates, Inc.},
 address = {Sebastopol, CA, USA},
} 